@misc{json_format,
	author = {Douglas Crockford},
	title = {Introducing JSON},
	howpublished = {\url{http://json.org/}}
}
@misc{rfc4627,
	author = {Douglas Crockford},
	title = {The application/json Media Type for JavaScript Object Notation (JSON)},
	howpublished = {\url{http://tools.ietf.org/html/rfc4627}}
}

@article{benslimane,
 author = {Benslimane, Djamal and Dustdar, Schahram and Sheth, Amit},
 title = {Services Mashups: The New Generation of Web Applications},
 journal = {IEEE Internet Computing},
 volume = {12},
 number = {5},
 year = {2008},
 issn = {1089-7801},
 pages = {13--15},
 doi = {http://dx.doi.org/10.1109/MIC.2008.110},
 publisher = {IEEE Educational Activities Department},
 address = {Piscataway, NJ, USA},
 }

@article{maximilien,
 author = {Maximilien, E. Michael and Ranabahu, Ajith and Gomadam, Karthik},
 title = {An Online Platform for Web APIs and Service Mashups},
 journal = {IEEE Internet Computing},
 volume = {12},
 number = {5},
 year = {2008},
 issn = {1089-7801},
 pages = {32--43},
 doi = {http://dx.doi.org/10.1109/MIC.2008.92},
 publisher = {IEEE Educational Activities Department},
 address = {Piscataway, NJ, USA},
 }

