@ARTICLE{kn:zpmd,
 AUTHOR={Debora J. Zukowski and Apratim Purakayastha and Ajay Mohindra and Murthy Devarakonda},
 TITLE={Metis: A Thin-Client Application Framework},
 ORGANIZATION={Usenix Association},
 JOURNAL={Proceedings of the Third Conference on Object-Oriented Technologies and Systems}, 
 PAGES={103--114},
 MONTH={Junho},
 YEAR=1997
}

@MISC{kn:svgbatik,
 AUTHOR={Apache},
 TITLE={Batik {SVG} {T}oolkit},
 MONTH={Junho},
 YEAR=2005,
 HOWPUBLISHED={\url{http://xml.apache.org/batik/}}
}

@MISC{kn:svgibm,
 AUTHOR={IBM},
 TITLE={Program with {SVG}},
 MONTH={Maio},
 YEAR=2005,
 HOWPUBLISHED={\url{http://www-128.ibm.com/developerworks/xml/library/x-matters40/}}
}

@MISC{kn:svgw3c,
 AUTHOR={{W3C} --- {World Wide Web Consortium}},
 TITLE={{W3C} --- {About SVG}},
 MONTH={Abril},
 YEAR=2005,
 HOWPUBLISHED={\url{http://www.w3.org/TR/SVG/intro.html/}}
}

@MISC{kn:svgdoc,
 AUTHOR={{W3C} --- {World Wide Web Consortium}},
 TITLE={{W3C SVG Specification}},
 MONTH={Junho},
 YEAR=2005,
 HOWPUBLISHED={\url{http://www.w3.org/TR/SVG11/}}
}

@MISC{kn:svgscada,
 AUTHOR={Rodrigo García García},
 TITLE={\svg{} for {SCADA}},
 NOTE={Swiss Federal Institute of Technology Lausanne (EPFL)},
 MONTH={Abril},
 YEAR=2005,
 HOWPUBLISHED={\url{http://www.svgopen.org/2004/papers/SVGforSCADA/}}
}

@MISC{kn:batikarchitecture,
 AUTHOR={Apache},
 TITLE={Batik \svg{} {T}oolkit {A}rchitecture},
 MONTH={Junho},
 YEAR=2005,
 HOWPUBLISHED={\url{http://xml.apache.org/batik/architecture.html#coreComponents}}
}
