@misc{json_format,
	author = {Douglas Crockford},
	title = {Introducing JSON},
	howpublished = {\url{http://json.org/}}
}
@misc{rfc4627,
	author = {Douglas Crockford},
	title = {The application/json Media Type for JavaScript Object Notation (JSON)},
	howpublished = {\url{http://tools.ietf.org/html/rfc4627}}
}
